2479 3508
745 148 811 208 mij
840 151 868 211 te
892 155 967 215 doen
996 161 1052 221 ofte
1081 163 1109 223 te
1128 163 1218 223 laten
1227 161 1284 221 sal
1298 159 1369 219 sijn,
1392 153 1525 213 metten
1553 154 1685 214 eersten
1713 154 1794 214 doen
1822 156 2002 216 verstaen,
2030 172 2124 232 opdat
2134 187 2209 247 sijne
2219 200 2271 260 kas

750 222 841 282 haer
864 225 1109 285 contentement,
1134 228 1304 288 volgende
1331 222 1418 282 mijn
1446 217 1621 277 beloften,
1632 216 1807 276 bekomen
1835 219 1966 279 meugen

660 302 872 362 verder
890 303 939 363 den
962 306 1057 366 staet
1066 306 1124 366 der
1143 309 1296 369 saecken
1319 307 1391 367 van
1413 303 1580 363 herwerts
1589 303 1675 363 over
1698 306 1928 366 belangende,
1950 311 1978 371 is
1987 316 2086 376 seeder
2099 328 2163 388 mijn
2185 343 2248 403 van

747 369 897 429 gaende,
922 370 951 430 de
973 372 1057 432 heer
1079 372 1279 432 commissaris
1290 371 1356 431 Cob
1374 371 1440 431 van
1469 372 1698 432 Wartenberg
1731 374 1840 434 alhier
1859 374 1928 434 wel
1946 380 2165 440 aengelandt,
2183 405 2252 465 opden

753 434 968 494 sonnendach
993 436 1169 496 voorleden,
1190 438 1285 498 heeft
1299 436 1331 496 op
1345 436 1570 496 maendach
1588 437 1662 497 daer
1669 437 1729 497 aen
1750 437 1803 497 sijn
1827 437 1986 497 audientie
2003 445 2130 505 gehadt,
2137 457 2172 517 ick
2193 467 2260 527 hebben

746 491 807 551 hem
842 492 910 552 nae
932 491 1009 551 mijn
1035 493 1243 553 vermeugen
1269 494 1481 554 gesecondeert
1503 494 1583 554 ende
1606 496 1721 556 vertoont,
1734 497 1824 557 waer
1833 497 1872 557 op
1885 498 1923 558 hij
1942 504 2196 564 voornemelijck
2218 523 2266 583 hadde

746 554 836 614 acht
853 553 879 613 te
899 551 1028 611 nemen
1058 554 1148 614 heeft
1161 554 1217 614 sijn
1237 554 1406 614 audientie
1423 553 1450 613 in
1473 554 1556 614 pleno
1576 557 1705 617 gehadt,
1722 557 1751 617 is
1771 557 1921 617 beschent
1960 562 2146 622 geworden,
2159 579 2256 639 heeft

739 613 920 673 antwoort
940 610 972 670 op
993 610 1021 670 de
1045 613 1263 673 voorgaende
1283 613 1424 673 brieven
1444 613 1629 673 bekomen,
1650 616 1678 676 de
1698 619 1839 679 puncten
1859 619 1920 679 van
1944 624 2049 684 hulpe
2061 630 2137 690 ende
2153 644 2254 704 platin

740 673 814 733 van
820 673 849 733 de
875 676 1099 736 neutraliteijt,
1115 682 1169 742 sijn
1188 683 1255 743 niet
1275 682 1403 742 absolut,
1415 682 1467 742 als
1486 682 1553 742 hier
1572 683 1668 743 voren
1694 688 1908 748 afgeslagen,
1924 691 2017 751 maer
2039 695 2071 755 op
2087 698 2116 758 de
2135 707 2250 767 naeste

718 741 933 801 versameling
969 741 1036 801 van
1043 742 1078 802 de
1099 746 1297 806 rijxsteden,
1318 744 1403 804 alsoo
1417 742 1473 802 het
1488 744 1544 804 hen
1565 745 1643 805 niet
1657 747 1819 807 geraden
1844 745 1883 805 en
1904 748 1943 808 is,
1957 751 2021 811 sich
2031 758 2133 818 alleen
2148 763 2172 823 te
2183 774 2289 834 rotgans

735 802 958 862 geremitteert
984 805 1181 865 geworden,
1196 807 1305 867 sonder
1316 809 1389 869 doch
1411 807 1462 867 den
1488 807 1543 867 tijt
1557 805 1587 865 te
1608 807 1758 867 noemen,
1777 810 1875 870 maer
1893 812 1926 872 en
1945 815 2058 875 hebben
2072 821 2134 881 sulx
2149 829 2211 889 niet
2226 839 2284 899 goet

732 870 908 930 gevonden
935 872 1004 932 noch
1020 875 1085 935 oock
1108 874 1215 934 alleen
1238 876 1296 936 aen
1307 876 1357 936 den
1384 874 1564 934 churfurst
1576 874 1641 934 van
1664 876 1760 936 Jaren
1791 878 1848 938 ofte
1868 879 1925 939 aen
1948 880 1975 940 de
1998 887 2201 947 nedersapische
2213 901 2301 961 creijts

735 933 776 993 te
794 935 980 995 schrijven,
991 939 1105 999 anders
1122 936 1150 996 is
1167 936 1191 996 de
1212 936 1329 996 gesant
1350 936 1416 996 wel
1433 936 1654 996 getracteert,
1672 940 1744 1000 ende
1769 943 2004 1003 vrijgehouden
2028 952 2204 1012 geworden,
2211 966 2273 1026 ende

717 995 943 1055 Donderdach
965 1001 1143 1061 voorleden
1168 1001 1310 1061 wederom
1349 1001 1417 1061 van
1439 1001 1510 1061 hier
1529 1001 1591 1061 nae
1620 1004 1797 1064 Tourlach
1810 1007 1939 1067 vereijst,
1955 1007 1987 1067 om
2020 1010 2074 1070 sijn
2094 1013 2165 1073 verder
2171 1023 2277 1083 commisie

720 1066 757 1126 te
775 1065 933 1125 vervolgen,
956 1067 1018 1127 sijn
1044 1068 1239 1128 aencomste
1261 1067 1375 1127 alhier
1397 1065 1427 1125 is
1434 1064 1504 1124 seer
1519 1064 1589 1124 wel
1607 1064 1637 1124 te
1655 1066 1714 1126 pas
1732 1067 1902 1127 gecomen.
1928 1072 2020 1132 Mijne
2049 1075 2141 1135 hoope
2152 1080 2185 1140 is
2196 1084 2215 1144 so
2241 1088 2266 1148 de

713 1130 846 1190 coninc
863 1132 935 1192 van
962 1136 1133 1196 Bohemen
1160 1136 1211 1196 een
1228 1136 1389 1196 weijnich
1402 1135 1437 1195 in
1460 1135 1512 1195 sijn
1535 1133 1744 1193 overcomste
1761 1134 1962 1194 prospereert,
1976 1136 2030 1196 dat
2044 1138 2071 1198 de
2085 1144 2201 1204 saecken
2204 1154 2289 1214 alhier

727 1196 792 1256 sich
802 1196 911 1256 weder
924 1197 996 1257 wel
1013 1199 1160 1259 schicken
1180 1199 1279 1259 sullen
1300 1198 1586 1258 hierentusschen
1610 1198 1709 1258 naect
1729 1201 1787 1261 ons
1804 1201 1917 1261 alhier
1941 1202 1999 1262 het
2016 1207 2155 1267 keijsers
2169 1215 2261 1275 volck

734 1255 804 1315 seer
817 1257 920 1317 starck
950 1259 1023 1319 ende
1046 1261 1149 1321 comen
1166 1262 1349 1322 dagelijcke
1369 1261 1499 1321 advisen
1522 1262 1548 1322 in
1572 1264 1675 1324 datter
1691 1267 1778 1327 noch
1791 1270 1881 1330 meer
1898 1270 1967 1330 volx
1991 1273 2054 1333 uijt
2070 1277 2230 1337 Oostenrijck
2240 1285 2290 1345 ende

728 1324 888 1384 mehren
909 1325 1108 1385 herwaerts
1122 1325 1317 1385 aencomen
1332 1323 1424 1383 soude
1452 1323 1527 1383 men
1552 1324 1584 1384 en
1609 1324 1676 1384 kan
1697 1327 1807 1387 sonder
1822 1329 1953 1389 gevaer
1967 1333 2053 1393 noch
2063 1336 2095 1396 te
2113 1341 2209 1401 lande,
2223 1350 2266 1410 noch

726 1387 764 1447 te
779 1389 874 1449 water
886 1390 951 1450 uijt
966 1390 1027 1450 dese
1039 1388 1115 1448 stat
1130 1385 1203 1445 niet
1218 1384 1275 1444 wel
1294 1384 1420 1444 comen,
1436 1386 1458 1446 so
1470 1386 1527 1446 nae
1550 1387 1623 1447 leijt
1626 1387 1676 1447 des
1687 1385 1817 1445 keijsers
1836 1389 1924 1449 volck
1939 1390 2046 1450 hierom
2081 1396 2145 1456 oock
2165 1402 2268 1462 schrijft

717 1450 964 1510 d’Ertzhartoch
974 1449 1098 1509 Leopold
1105 1448 1145 1508 in
1163 1448 1261 1508 plaets
1279 1446 1344 1506 van
1366 1448 1424 1508 dese
1435 1450 1507 1510 stat
1525 1451 1598 1511 over
1616 1452 1663 1512 den
1681 1452 1768 1512 exces
1790 1453 1902 1513 tegens
1921 1456 1993 1516 haer
2008 1461 2124 1521 burgers
2149 1464 2185 1524 ende
2192 1468 2290 1528 soldaten

723 1515 865 1575 begaen,
891 1515 987 1575 recht
1008 1518 1087 1578 ende
1108 1518 1259 1578 reparatie
1272 1518 1301 1578 te
1318 1518 1385 1578 doen
1419 1515 1540 1575 dagelijx
1553 1515 1624 1575 seer
1641 1516 1737 1576 harde
1758 1518 1888 1578 brieven
1913 1520 1972 1580 aen
1980 1523 2035 1583 den
2051 1526 2131 1586 raet
2144 1532 2253 1592 alhier

712 1583 777 1643 hem
810 1580 876 1640 seer
891 1580 996 1640 starck
1015 1581 1201 1641 dreijgende,
1219 1581 1347 1641 vermits
1365 1581 1391 1641 sij
1416 1581 1471 1641 den
1496 1578 1675 1638 gebannen,
1701 1579 1777 1639 met
1796 1579 1880 1639 alles
1909 1582 1978 1642 wat
2004 1584 2047 1644 hij
2066 1588 2197 1648 begeert
2212 1596 2281 1656 dagen

716 1643 799 1703 lijcx
823 1645 930 1705 souden
954 1643 1128 1703 starcken,
1144 1645 1231 1705 maer
1250 1646 1361 1706 gelijck
1389 1644 1432 1704 ick
1456 1641 1583 1701 bericht
1599 1641 1705 1701 werde,
1721 1642 1761 1702 soo
1773 1643 1860 1703 heeft
1860 1643 1931 1703 men
1951 1645 2006 1705 hem
2022 1646 2148 1706 wederom
2176 1654 2299 1714 mannelijk

727 1708 954 1768 geantwoort,
965 1706 1033 1766 men
1048 1706 1154 1766 vaert
1165 1706 1248 1766 vast
1263 1706 1353 1766 voort
1372 1702 1489 1762 mettet
1508 1699 1700 1759 beschansen
1719 1699 1791 1759 van
1806 1700 1840 1760 de
1863 1701 2006 1761 brugge,
2021 1704 2183 1764 dewelcke
2206 1711 2270 1771 met

724 1775 867 1835 soldaten
886 1772 946 1832 van
965 1770 1033 1830 dese
1052 1770 1123 1830 stat
1150 1772 1300 1832 bewaert
1315 1772 1364 1832 is,
1376 1772 1474 1832 maer
1489 1772 1564 1832 men
1590 1772 1681 1832 heeft
1696 1772 1816 1832 alhier
1828 1771 1982 1831 mangel
1997 1769 2058 1829 van
2080 1770 2140 1830 een
2163 1775 2287 1835 crijchs¬

723 1841 852 1901 overste,
874 1840 900 1900 de
915 1840 1071 1900 vroomen
1085 1841 1197 1901 souden
1222 1841 1322 1901 garen
1345 1839 1396 1899 den
1419 1837 1552 1897 oversten
1578 1835 1644 1895 van
1656 1834 1700 1894 der
1718 1835 1870 1895 Merwen
1892 1834 2000 1894 hebben
2040 1837 2066 1897 de
2085 1841 2226 1901 Switzers
2240 1844 2266 1904 en

716 1909 838 1969 hebben
861 1908 934 1968 niet
953 1906 1083 1966 kennen
1106 1906 1320 1966 deurcomen,
1339 1904 1393 1964 sijn
1416 1903 1515 1963 maer
1530 1902 1771 1962 driehondert
1790 1900 1943 1960 geweest
1966 1900 2024 1960 die
2043 1902 2104 1962 van
2131 1906 2211 1966 Bern

706 1973 839 2033 hebben
861 1968 921 2028 sich
935 1968 965 2028 op
984 1966 1002 2026 ’t
1006 1966 1169 2026 versouck
1187 1964 1258 2024 van
1280 1963 1369 2023 volck
1388 1963 1417 2023 te
1428 1963 1528 2023 laten
1547 1963 1680 2023 lichten,
1706 1963 1743 2023 bij
1766 1963 1829 2023 dese
1847 1963 1918 2023 stat
1936 1963 2121 2023 geexcuseert,
2136 1969 2270 2029 seggende

703 2038 780 2098 dat
796 2036 829 2096 sij
845 2034 910 2094 sulx
922 2032 1036 2092 selver
1056 2031 1113 2091 van
1117 2031 1203 2091 doen
1219 2030 1341 2090 hadden
1374 2028 1479 2088 Raden
1504 2028 1585 2088 heeft
1597 2026 1650 2086 hem
1687 2025 1752 2085 oock
1772 2026 1886 2086 ’tselve
1906 2030 2028 2090 versouck
2052 2031 2244 2091 afgeslagen,
2260 2036 2280 2096 soo

712 2109 823 2169 dattet
838 2108 894 2168 hem
925 2104 1036 2164 alhier
1047 2103 1114 2163 aen
1130 2103 1221 2163 volck
1241 2100 1311 2160 wat
1327 2100 1501 2160 mangelt,
1520 2100 1564 2160 ick
1583 2100 1674 2160 hebbe
1690 2100 1745 2160 hem
1777 2101 1907 2161 eenige
1930 2101 2029 2161 goede
2049 2101 2226 2161 openinghe

704 2177 859 2237 gedaen,
875 2172 1041 2232 daerover
1057 2172 1138 2232 men
1158 2169 1340 2229 delibereert
1371 2167 1503 2227 verhope
1526 2166 1759 2226 verbeteringe

684 2244 748 2304 De
768 2237 886 2297 grave
902 2234 973 2294 van
1001 2234 1183 2294 Mansfeld
1191 2233 1226 2293 is
1246 2231 1317 2291 met
1333 2231 1385 2291 sijn
1401 2231 1488 2291 volck
1515 2229 1583 2289 van
1606 2231 1776 2291 Hagenau
1800 2233 2006 2293 onderwerts
2022 2235 2085 2295 nae
2097 2234 2172 2294 Sels,
2184 2235 2212 2295 ses
2224 2235 2295 2295 mijlen

705 2307 786 2367 van
807 2309 866 2369 hier
877 2307 938 2367 aen
946 2305 1004 2365 den
1029 2303 1120 2363 Rhijn
1146 2301 1328 2361 vertrocken,
1339 2298 1426 2358 heeft
1441 2297 1474 2357 de
1495 2297 1725 2357 voorgemelde
1747 2297 1819 2357 stat
1838 2297 1910 2357 met
1932 2299 2005 2359 4000
2012 2302 2092 2362 man
2111 2303 2143 2363 te
2158 2303 2256 2363 voeten
2271 2303 2285 2363 soo

708 2366 859 2426 paerden
883 2364 970 2424 beset
985 2361 1132 2421 gelaten
1164 2360 1211 2420 een
1227 2360 1290 2420 van
1314 2361 1409 2421 sijnen
1425 2360 1500 2420 raet
1524 2360 1611 2420 heeft
1623 2362 1678 2422 mij
1698 2362 1820 2422 geseijt,
1836 2363 1892 2423 dat
1907 2363 1947 2423 hij
1963 2363 2256 2423 veertichduijsent

698 2427 805 2487 man
824 2425 943 2485 starck
958 2425 1058 2485 soude
1077 2426 1153 2486 sijn,
1172 2426 1260 2486 heeft
1268 2423 1543 2483 keijserslautern
1562 2426 1642 2486 ende
1665 2426 1742 2486 Maij
1753 2427 1876 2487 deburg
1899 2426 2048 2486 ’twelcke
2067 2428 2109 2488 den
2128 2429 2262 2489 bisschop

694 2497 781 2557 van
792 2497 882 2557 Spier
894 2497 973 2557 noch
984 2494 1018 2554 in
1037 2496 1127 2556 heeft
1150 2494 1214 2554 doen
1237 2496 1402 2556 tenteeren,
1418 2497 1512 2557 maer
1527 2498 1632 2558 sonder
1648 2500 1761 2560 effect
1779 2497 1877 2557 maer
1900 2497 1991 2557 heeft
2006 2498 2089 2558 tang
2104 2496 2149 2556 een
2164 2494 2251 2554 vast

704 2566 782 2626 stot
798 2566 849 2626 den
872 2564 962 2624 voors.
973 2565 1114 2625 visschop
1129 2564 1402 2624 toebehoorende
1425 2567 1453 2627 in
1468 2569 1636 2629 bekomen
1663 2571 1718 2631 sijn
1737 2572 1842 2632 verder
1862 2571 2057 2631 voornemen
2072 2569 2174 2629 houdt
2193 2564 2220 2624 de

698 2637 889 2697 Hoochgeme.
913 2635 1042 2695 Graeff
1046 2635 1120 2695 seer
1132 2632 1256 2692 bedect,
1276 2632 1541 2692 hierentusschen
1553 2637 1600 2697 soo
1612 2638 1721 2698 rondt
1740 2640 1822 2700 Tilly
1850 2638 1959 2698 mettet
1971 2638 2057 2698 volck
2076 2635 2135 2695 van
2154 2631 2283 2691 Beijeren

694 2700 811 2760 starck
838 2698 868 2758 op
883 2697 1091 2757 Heijdelberg
1118 2697 1174 2757 toe,
1190 2697 1261 2757 ende
1280 2697 1371 2757 soude
1390 2697 1439 2757 tot
1458 2699 1515 2759 aen
1534 2701 1704 2761 Roorbach,
1715 2705 1814 2765 maer
1833 2703 1886 2763 een
1908 2704 2090 2764 vierendeel
2101 2702 2196 2762 mijls
2215 2696 2275 2756 van
2279 2695 2298 2755 de

713 2766 798 2826 stat,
819 2763 892 2823 met
905 2763 962 2823 sijn
986 2763 1076 2823 volck
1100 2760 1243 2820 gecomen
1276 2760 1337 2820 sijn
1370 2762 1447 2822 ende
1460 2765 1529 2825 sich
1537 2767 1704 2827 dagelijcx
1721 2769 1794 2829 voor
1811 2770 1843 2830 de
1860 2771 1929 2831 stad
1949 2773 2125 2833 vertoonen
2137 2765 2292 2825 waerover

693 2826 795 2886 men
815 2826 1000 2886 vermeent,
1012 2826 1073 2886 dat
1086 2828 1123 2888 de
1143 2829 1254 2889 grave
1278 2829 1340 2889 van
1356 2832 1545 2892 Mansfeld
1557 2838 1635 2898 met
1651 2841 1704 2901 sijn
1725 2843 1819 2903 leger
1827 2841 1893 2901 sich
1901 2842 2069 2902 derwarts
2085 2837 2220 2897 begeven
2237 2828 2290 2888 sal

702 2888 746 2948 om
777 2888 837 2948 den
857 2888 979 2948 vijant
999 2888 1030 2948 te
1046 2890 1161 2950 rugge
1181 2888 1208 2948 te
1224 2888 1358 2948 drijven,
1382 2890 1453 2950 ende
1473 2892 1497 2952 de
1520 2895 1595 2955 stat
1611 2901 1797 2961 dewelcke
1813 2903 1943 2963 anders
1959 2904 2038 2964 met
2054 2901 2141 2961 volck
2160 2898 2287 2958 genouch

689 2951 791 3011 versien
810 2951 838 3011 is
857 2951 922 3011 van
945 2951 1043 3011 haere
1061 2951 1224 3011 vijanden
1243 2954 1280 3014 te
1298 2954 1489 3014 verlossen.
1512 2964 1801 3024 Hierentusschen
1829 2966 1861 3026 en
1866 2969 1945 3029 laet
1945 2969 2015 3029 men
2019 2969 2080 3029 van
2085 2967 2117 3027 de
2136 2964 2206 3024 sijde
2229 2962 2285 3022 van
