3771 5455
472 1887 528 1934 de
556 1884 834 1933 Artillerij
861 1884 917 1930 is
943 1880 1111 1929 aanbe„

440 1968 731 2033 „voolen!

501 3407 865 3466 Dankzegging
897 3401 1031 3451 voor
1059 3393 1130 3444 de

454 3516 780 3573 ontvangene
811 3510 1007 3560 kanons
1039 3506 1169 3556 inz.

519 4135 972 4189 Beschrijving
1006 4127 1122 4177 van

456 4251 523 4303 de
552 4238 900 4294 knuppelssen
930 4236 1122 4284 bouten

1399 706 1474 752 §
1515 693 1765 747 30.
1835 689 1986 736 De
2058 674 2723 734 remarques
2795 669 3091 717 Uwer
3164 668 3461 715 Hoog

1162 861 1881 934 Edelheden,
1952 846 2312 900 onder
2383 848 2599 894 het
2671 838 3246 891 hoofdeel
3317 829 3535 884 van

889 1107 1751 1180 Fortificatien
1816 1097 2015 1149 bij
2073 1071 2610 1139 geeerden
2675 1060 3006 1114 brief
3071 1056 3271 1104 van
3336 1058 3536 1107 den

1130 1308 1245 1359 30
1299 1296 1526 1352 Juni
1549 1285 1806 1338 1780
1861 1267 2424 1326 uitgedrukt
2453 1261 2649 1307 van
2704 1256 2761 1303 §
2810 1242 2985 1298 43-
3040 1237 3210 1286 53.
3265 1238 3603 1286 hebben

1127 1463 1293 1519 wij
1346 1450 1564 1507 niet
1614 1440 1943 1492 alleen
1995 1441 2160 1489 ons
2213 1438 2539 1485 zelven
2592 1437 2755 1484 tot
2805 1424 3135 1482 narigt
3187 1413 3515 1464 laaten

1142 1613 1654 1669 strekken,
1710 1604 1937 1655 maar
1994 1603 2166 1649 ook
2221 1605 2392 1652 den
2448 1599 2904 1652 Ordinair
2960 1589 3531 1641 Vuurwerker

499 1800 637 1856 Wat
680 1797 812 1844 den
856 1787 1208 1841 opzigter
1251 1780 1384 1830 van
1427 1769 1648 1824 Johan
1691 1763 2000 1813 Wilhelm
2042 1757 2352 1809 Diehl:,
2393 1757 2527 1805 als
2571 1761 2923 1808 opzigter
2966 1761 3099 1809 van
3138 1763 3230 1810 de
3273 1757 3538 1809 Artil„

1122 1953 1457 2007 „lerije
1504 1949 1790 1996 alhier
1838 1945 2028 1994 mede
2074 1937 2410 1989 gedeeld
2457 1938 2553 1984 en
2599 1939 2744 1987 hem
2790 1938 3363 1990 geordonneerd
3403 1931 3506 1980 de

1128 2110 1671 2181 Jaarlijksche
1713 2103 2210 2154 overzending
2254 2103 2389 2149 van
2434 2101 2569 2148 een
2613 2096 2838 2147 korte
2882 2098 3197 2147 sterkte
3240 2099 3332 2147 of
3372 2101 3557 2149 Rap„

1110 2282 1351 2341 „port
1396 2279 1538 2327 van
1584 2274 1726 2323 het
1772 2265 2289 2317 artillerij-
2335 2260 2617 2309 weezen
2663 2259 2805 2307 ten
2851 2262 3134 2309 deezen
3179 2265 3512 2318 Gouver„

1118 2443 1555 2508 „nemente,
1596 2432 1746 2483 zoo
1793 2426 1938 2477 tot
1986 2421 2467 2472 speculatie
2513 2420 2659 2468 van
2707 2417 2852 2464 uwe
2899 2415 3092 2464 Hoog
3138 2413 3573 2464 Edelheden

1131 2610 1291 2667 als
1342 2603 1548 2653 voor
1598 2593 1754 2646 den
1804 2587 2114 2638 Najoor
2163 2584 2319 2631 der
2369 2577 2885 2629 Arthillery
2902 2578 3039 2623 te
3089 2574 3506 2623 Batavia;

1130 2763 1418 2817 gelijk
1462 2758 1609 2807 hij
1655 2756 1849 2802 tans
1897 2754 2089 2800 daar
2137 2752 2280 2799 aan
2328 2742 2904 2797 gehoorzaamst
2951 2738 3336 2787 voldoet,
3381 2729 3575 2782 hoo„

1129 2931 1412 3001 „pende
1455 2925 1597 2974 dat
1641 2919 1781 2968 dat
1827 2914 2244 2968 geschrift
2290 2913 2475 2960 naar
2521 2908 2892 2957 behooren
2938 2908 3355 2958 ingesteld
3400 2910 3563 2958 be„

1109 3098 1499 3167 „vonden
1552 3092 1717 3139 zal
1771 3087 2154 3139 worden.

1324 3288 1671 3344 Terwijl
1715 3285 1867 3332 wij
1913 3282 2113 3332 uwer
2158 3270 2846 3330 Hoog-Edelheden
2894 3267 3092 3315 zeer
3140 3265 3483 3315 nederig

1155 3442 1516 3495 bedanken
1558 3431 1739 3485 voor
1782 3428 1874 3475 de
1917 3418 2367 3472 voldoening
2410 3420 2545 3466 van
2588 3419 2725 3466 een
2769 3417 2993 3463 groot
3036 3416 3398 3465 gedeelte
3438 3414 3581 3466 der

1151 3595 1330 3649 voor
1369 3594 1459 3643 de
1503 3588 1809 3639 vesting
1851 3584 1940 3631 en
1983 3582 2421 3630 vaartuigen
2463 3577 2901 3628 gevorderde
2944 3571 3207 3621 kanons
3251 3571 3339 3618 en
3381 3574 3560 3629 ver„

1126 3764 1343 3821 „dere
1385 3750 2287 3808 arthillerij-goederen.

1345 3938 1396 3984 „
1441 3932 1595 3980 31.
1635 3939 2040 3986 knuppels
2083 3933 2190 3984 en
2239 3929 2541 3978 bouten
2588 3936 2790 3985 zijn
2839 3938 2941 3984 de
2988 3935 3541 3990 benaamingen

1152 4120 1380 4170 onder
1424 4109 1648 4162 welke
1691 4108 1961 4160 sedert
2006 4115 2501 4164 verscheiden
2536 4117 2813 4165 jaaren
2858 4116 2993 4162 bij
3037 4113 3127 4160 de
3172 4106 3490 4158 Negotie

1157 4272 1440 4333 boeken
1486 4272 1580 4318 en
1627 4273 1720 4318 in
1767 4269 1908 4319 het
1949 4266 2513 4315 Arthillerij-
2560 4266 2933 4313 magazijn
2979 4267 3262 4317 bekend
3307 4273 3635 4323 gestaan

1159 4428 1446 4482 hebben
1492 4430 1588 4477 de
1635 4431 1826 4478 twee
1873 4430 2208 4480 soorten
2254 4437 2397 4483 van
2442 4439 2635 4486 lang
2678 4433 2967 4483 scherp
3014 4436 3158 4482 die
3203 4437 3348 4482 men
3393 4432 3588 4482 hier

1158 4602 1442 4656 heeft.
1488 4599 1583 4645 De
1627 4592 1956 4647 eersten
2000 4590 2189 4637 zijn
2235 4587 2422 4635 twee
2468 4586 3030 4636 kanonkogels,
3076 4591 3591 4647 vastgegoten

3050 4877 3388 4937 aan
